<record><leader>00000cas a22000007a 4500</leader><controlfield tag="001">9553209</controlfield><controlfield tag="008">830527d18271832deucr ne      0    0eng d</controlfield><datafield ind1=" " ind2=" " tag="010"><subfield code="a">sn 83025530 </subfield></datafield><datafield ind1=" " ind2=" " tag="040"><subfield code="a">NPV</subfield><subfield code="b">eng</subfield><subfield code="c">NPV</subfield><subfield code="d">NPX</subfield><subfield code="d">DLC</subfield><subfield code="d">NPA</subfield><subfield code="d">DLC</subfield><subfield code="d">DEX</subfield><subfield code="d">OCLCQ</subfield></datafield><datafield ind1=" " ind2=" " tag="019"><subfield code="a">45671309</subfield></datafield><datafield ind1=" " ind2=" " tag="042"><subfield code="a">msc</subfield></datafield><datafield ind1="0" ind2="0" tag="050"><subfield code="a">Newspaper 7283</subfield></datafield><datafield ind1="0" ind2="0" tag="245"><subfield code="a">Delaware journal.</subfield></datafield><datafield ind1=" " ind2=" " tag="260"><subfield code="a">Wilmington [Del.] :</subfield><subfield code="b">R. Porter &amp; Son</subfield></datafield><datafield ind1=" " ind2=" " tag="300"><subfield code="a">v. :</subfield><subfield code="b">ill. ;</subfield><subfield code="c">49 cm.</subfield></datafield><datafield ind1=" " ind2=" " tag="310"><subfield code="a">Semiweekly</subfield></datafield><datafield ind1="1" ind2=" " tag="362"><subfield code="a">Began with Apr. 24, 1827 issue; ceased in 1832.</subfield></datafield><datafield ind1=" " ind2=" " tag="530"><subfield code="a">Also issued on microfilm from the State Historical Society of Wisconsin.</subfield></datafield><datafield ind1=" " ind2=" " tag="588"><subfield code="a">Description based on: Vol. 1, no. 2 (Apr. 27, 1827).</subfield></datafield><datafield ind1=" " ind2=" " tag="752"><subfield code="a">United States</subfield><subfield code="b">Delaware</subfield><subfield code="c">New Castle</subfield><subfield code="d">Wilmington.</subfield></datafield><datafield ind1="0" ind2="0" tag="785"><subfield code="t">Delaware State journal, advertiser and star</subfield><subfield code="w">(DLC)sn 85042477</subfield></datafield><datafield ind1="1" ind2=" " tag="029"><subfield code="a">AU@</subfield><subfield code="b">000025815194</subfield></datafield></record>